<?xml version="1.0" encoding="UTF-8"?><collection xmlns="http://www.loc.gov/MARC21/slim"><record><leader>00431nam--2200145-i-4500</leader><controlfield tag="001">000011911</controlfield><controlfield tag="002">20161230</controlfield><controlfield tag="005">20161230201029</controlfield><controlfield tag="008">060222s1000------------r-----000-0-eng-d</controlfield><datafield ind1=" " ind2=" " tag="080"><subfield code="a">548.1(043)</subfield></datafield><datafield ind1=" " ind2=" " tag="100"><subfield code="a">Andre, Daniel</subfield></datafield><datafield ind1=" " ind2=" " tag="245"><subfield code="a">Application de la notion de groupe rigide a l etude des cristaux moleculaires. these</subfield></datafield><datafield ind1=" " ind2=" " tag="260"><subfield code="a">Paris, Orsay, Universite De Paris-sud Centre D Orsay, 1975 154 P</subfield></datafield><datafield ind1=" " ind2=" " tag="490"><subfield code="a">1557</subfield></datafield><datafield ind1=" " ind2=" " tag="852"><subfield code="a">44119</subfield></datafield></record></collection>